

@inproceedings{junior_supercopair_2015,
	location = {University of Leeds, {UK}},
	title = {SuperCopair: Collaborative Live Coding on Supercollider through the cloud},
	isbn = {978 0 85316 340 4},
	eventtitle = {International Conference of Live Coding},
	pages = {152--158},
	booktitle = {{ICLC}2015 Proceedings},
	author = {{Junior}, Antonio Deusany de Carvalho and {Lee}, Sang Won and {Essl}, Georg},
	year = {2015}
}

@article{collins_brains_2002,
	title = {All this and brains too: Thirty Years of Howling Round},
	url = {http://www.nicolascollins.com/texts/allthisandbrains.pdf},
	pages = {7},
	journaltitle = {Resonance},
	author = {{Collins}, Nicolas},
	year = {2002}
}

@article{neto_lakatos_2008,
	title = {Imre Lakatos e a Metodologia dos Programas de Investigação Cientifica. (apresentação do pensamento do filósofo da ciência Imre Lakatos)},
	url = {http://people.ufpr.br/~borges/diversos/publicacoes.html},
	pages = {12},
	journaltitle = {Resonance},
	author = {{Neto}, José Borges},
	year = {2008}
}

@incollection{lakatos_falsification_1970,
	title = {Falsification and the Methodology of Scientific Research},
	url = {http://strangebeautiful.com/other-texts/lakatos-meth-sci-research-phil-papers-1.pdf},
	pages = {8--93},
	booktitle = {The Methodology of Scientific Researchs Programmes.},
	author = {{Lakatos}, Imre},
	year = {1970}
}

@article{stockhausen_how_1957,
	title = {How Time Passes By.},
	url = {http://www.artesonoro.net/artesonoroglobal/HOW%20TIME%20PASSES%20BY.PDF},
	pages = {10--39},
	journaltitle = {{Published} {in} {Vol.3} {in} {the} {English} {edition} {of} {Die} {Reihe} {musical} {journal} {1959} {The} {original} {version} {dates} {from} {1957}},
	author = {{Stockhausen}, Karlheinz},
	year = {1959}
}

@misc{roberts_gibber:_2012,
	title = {Gibber: live-coding audio in the browser},
	publisher = {University of California at Santa Barbara: Media Arts \& Technology Program},
	author = {Roberts, Charles and Kuchera-Morin, {JoAnn}},
	year = {2012}
}

@thesis{soares_luteria_2015,
	location = {Juiz de Fora},
	title = {Luteria Composicional de algoritmos pós-tonais v1.1FINAL},
	url = {https://github.com/glerm/luteria/raw/master/LUTERIA_2015janeiro.pdf},
	shorttitle = {Luteria Composicional de algoritmos pós-tonais},
	pagetotal = {153},
	school = {{UFJF}},
	type = {Prévia da dissertação para a banca de quali- ficação para o Mestrado em Arte, Cultura e Linguagens do {IAD}-{UFJF}.},
	author = {Soares, Guilherme Rafael},
	year = {2015-03-13}
}

@online{supercollider.org_supercollider_2014,
	title = {{SuperCollider} Overviews: {JITLib} - An overview of the Just In Time library},
	abstract = {an austrian math teacher's joke},
	titleaddon = {Manual de Ajuda do {SuperCollider}},
	author = {{SuperCollider}.org},
	year = {2014}
}

@book{munster_aesthesia_2013,
	edition = {1st},
	title = {An Aesthesia of Networks: Conjunctive Experience in Art and Technology},
	isbn = {978-0-262-01895-1},
	pagetotal = {247},
	publisher = {{MIT}},
	author = {Munster, Anna},
	year = {2013}
}

@article{magnusson_scoring_2014,
	location = {Cambridge University},
	edition = {19},
	title = {Scoring with code: Composing with algorithmic notation},
	url = {http://www.ixi-software.net/thor/Magnusson_OS2014.pdf},
	pages = {268--275},
	journaltitle = {Organised Sound},
	author = {Magnusson, Thor},
	year = {2014}
}

@article{fenerich_marulho_2014,
	title = {Marulho {TransOceânico}: performance musical entre dois continentes},
	url = {https://www.academia.edu/t/M8Fvh/8178331},
	pages = {12},
	author = {Fenerich, Alexandre and Obici, Giuliano and Schiavoni, Flávio},
	year = {2014}
}

@incollection{hiller_experimental_1959,
	location = {{NEW} {YORK} {TORONTO} {LONDON}},
	edition = {1st},
	title = {The experimental resultes: the Illiac suite},
	url = {https://archive.org/details/experimentalmusi00hill},
	pages = {152--164},
	booktitle = {Experimental music: composition with an eletronic computer},
	publisher = {{McGRAW}-{HILL} {BOOK} {COMPANY}, {INC}.},
	author = {Hiller, Lejaren A. and Isaacson, Leonard M.},
	year = {1959}
}

@misc{andreatta_musique_2009,
	title = {Musique algorithmique},
	publisher = {Version adaptée pour {ATIAM} d’un article à paraître dans N. Donin and L. Feneyrou (dir.) - Théorie de la composition musicale au {XXe} siècle, Symétrie},
	author = {Andreatta, Moreno},
	year = {2009}
}

@article{magnusson_algorithms_2011,
	title = {Algorithms as Scores: Coding Live Music},
	volume = {21},
	pages = {19--23},
	journaltitle = {{LEONARDO} {MUSIC} {JOURNAL}},
	author = {Magnusson, Thor},
	year = {2011}
}

@article{doornbusch_computer_2004,
	title = {Computer Sound Synthesis in 1951: The Music of {CSIRAC}},
	volume = {28},
	series = {Massachusetts Institute of Technology},
	pages = {10--25},
	number = {1},
	journaltitle = {Computer Music Journal},
	author = {Doornbusch, Paul},
	year = {2004}
}

@book{kuhn_structure_1970,
	location = {{CHICAGO}},
	edition = {{INTERNATIONAL} {ENCYCLOPEDIA} of {UNIFIED} {SCIENCE}},
	title = {The Structure of Scientific Revolutions},
	isbn = {0-226-45803-2},
	pagetotal = {212},
	publisher = {University of Chicago Press},
	author = {Kuhn, Thomas},
	year = {1970}
}

@article{roads_interview_1980,
	title = {Interview with Max Mathews},
	volume = {4},
	url = {http://www.jstor.org/stable/3679463 .},
	pages = {15--22},
	number = {4},
	journaltitle = {Computer Music Journal},
	author = {Roads, Curtis and Mathews, Max},
	year = {1980}
}

@article{collins_live_2003,
	title = {Live coding in laptop performance},
	volume = {8},
	doi = {10.1017/S135577180300030X},
	pages = {321--330},
	number = {3},
	journaltitle = {Organised Sound - Cambridge University Press},
	author = {Collins, Nick and {McLean}, Alex and Rohrhuber, Julian and Ward, Adrian},
	year = {2003}
}

@misc{mclean_visualisation_2010,
	title = {Visualisation of Live Code},
	url = {http://yaxu.org/visualisation-of-live-code/},
	publisher = {Alex {McLean}; making music with a text},
	author = {{McLean}, Alex and Griffths, David and Collins, Nick and Wiggins, Geraint},
	year = {2010}
}

@article{mathews_digital_1963,
	title = {The digital computer as a Musical Instrument.},
	volume = {142},
	url = {http://www.jstor.org/stable/1712380},
	pages = {553--557},
	number = {3592},
	journaltitle = {Science},
	author = {Mathews, M. V.},
	year = {1963}
}

@article{chomsky_three_1956,
	title = {Three Models for the description of language},
	volume = {{MIT}},
	pages = {12},
	journaltitle = {Departament of Modern Languages and Research Laboratory of eletronics},
	author = {Chomsky, Noam},
	year = {1956}
}

@online{nunzio_groove_2010,
	title = {Groove},
	url = {http://www.musicainformatica.org/topics/groove.php},
	titleaddon = {Musicainformatica - computer music history and more},
	author = {Nunzio, Alex di},
	year = {2010}
}

@inproceedings{wang_--fly_2004,
	title = {On-the-fly programming: using code as an expressive musical instrument},
	url = {http://soundlab.cs.princeton.edu/publications/on-the-fly_nime2004.pdf},
	eventtitle = {{NIME}},
	pages = {6},
	booktitle = {Procedings of the 2004 International Conference on New interfaces for Musical Expression ({NIME})},
	author = {Wang, Ge and Cook, Perry R.},
	year = {2004}
}

@incollection{oliveros_tape_1969,
	location = {Gwynndale Ave. Baltimore},
	edition = {1},
	title = {Tape Delay Techniques for Eletronic Composers},
	url = {http://monoskop.org/images/2/29/Oliveros_Pauline_Software_for_People_Collected_Writings_1963-80.pdf},
	pages = {11},
	booktitle = {Software for people: collected writings 1963-80},
	publisher = {Smith Publications},
	author = {Oliveros, Pauline},
	year = {1969}
}

@article{wyse_viability_2014,
	title = {The Viability of the Web Browser as a Computer Music Platform},
	volume = {37},
	doi = {10.1162/COMJ a 00213},
	pages = {10--23},
	number = {4},
	journaltitle = {Computer Music Journal},
	author = {Wyse, Lonce and Subramanian, Srikumar},
	year = {2014}
}

@online{reublin_americas_2009,
	title = {America's Music Publishing Industry: The story of Tin Pan Alley},
	url = {http://parlorsongs.com/insearch/tinpanalley/tinpanalley.php},
	author = {Reublin, Rick},
	year = {2009}
}

@inproceedings{el_haouli_abertura_2011,
	location = {Uberlândia},
	title = {Abertura para o silêncio},
	eventtitle = {{XXI} Congresso da Associação Nacional de Pesquisa e Pós-Graduação em Música},
	pages = {8},
	author = {El Haouli, Janete and Mannis, José Augusto},
	year = {2011}
}

@article{aycock_brief_2003,
	location = {University of Calgary},
	edition = {35},
	title = {A Brief history of Just-In-Time},
	url = {http://www.cs.tufts.edu/comp/150IPL/papers/aycock03jit.pdf},
	pages = {97--113},
	journaltitle = {{ACM} Computer surveys},
	author = {Aycock, john},
	year = {2003}
}

@book{chion_guide_1983,
	location = {Paris},
	edition = {2a},
	title = {Guide des objets sonores: Pierre Schaeffer et la recherche musicale},
	publisher = {Buchet/Chastel},
	author = {Chion, Michel},
	year = {1983}
}

@article{wooler_framework_2005,
	title = {A framework for comparasion of process in algorithmic music systems},
	volume = {Generative Arts Practice},
	url = {http://eprints.qut.edu.au/6544/1/6544.pdf},
	pages = {109--124},
	journaltitle = {Creativity and Cognition Studios Press},
	author = {Wooler, Rene and Brown, Andrew and Miranda, Eduardo and Berry, Rodney and Diederich, Joachim},
	year = {2005}
}

@book{blauert_spatial_????,
	location = {Massachussetts},
	edition = {2},
	title = {Spatial hearing: the psycophysics of human sound localization.},
	pagetotal = {494},
	publisher = {The {MIT} press},
	author = {Blauert, Jens},
	note = {Trad. J. S. Allen}
}

@book{dickreiter_tonmeister_1989,
	title = {Tonmeister Technology: recording environment, sound sources, microphone techniques.},
	publisher = {Temmer},
	author = {Dickreiter, Michael},
	year = {1989}
}

@book{puckette_theory_2006,
	edition = {v. December 30, 2006},
	title = {The Theory and Technique of Electronic Music},
	pagetotal = {337},
	publisher = {World Scientific Publishing Co. Pte.Ltd.},
	author = {Puckette, Miller},
	year = {2006}
}

@misc{hill_hill_2000,
	title = {Hill, E. 2000. Interview with the author [Geoff Hill]. .},
	editora = {Hill, H.},
	editoratype = {collaborator},
	year = {2000-03-02}
}

@unpublished{serra_computer_2003,
	location = {Oslo},
	title = {Computer Music Research: Past and Present},
	author = {Serra, Xavier},
	year = {2003}
}

@article{mathews_groove_1970,
	title = {{GROOVE} A Program to Compose, Store, and Edit Functions of Time},
	pages = {7},
	journaltitle = {Bell Telephones Laboratories},
	author = {Mathews, M. V. and Moore, F.R.},
	year = {1970}
}

@incollection{xenakis_musique_1963,
	location = {Paris},
	title = {{MUSIQUE} {STOCHASTIQUE} {LIBRE}, A L'{ORDINATEUR}; {LE} {PARADOXE} : {MUSIQUE} {ET} {ORDINATEURS} {UNE} {MUSIQUE} {STOCHASTIQUE} {TRAITEE} {PAR} {LA} 7090 {IBM}},
	volume = {La Revue musicale, nos. 253–254},
	pages = {163--179},
	booktitle = {Musiques Formelles},
	publisher = {Editions Richard-Masse.},
	author = {Xenakis, Iannis},
	year = {1963}
}

@article{gerzso_paradigms_1992,
	title = {Paradigms and Computer Music},
	volume = {2},
	pages = {73--79},
	number = {1},
	journaltitle = {Leonardo Music Journal},
	author = {Gerzso, Andrew},
	year = {1992}
}

@book{iazzetta_musica_2009,
	location = {São Paulo},
	title = {Música e mediação tecnológica},
	isbn = {9.788527308724E12},
	pagetotal = {232},
	publisher = {Ed. Perspectiva-Fapesp},
	author = {Iazzetta, Fernando},
	year = {2009}
}

@article{iazzetta_importancia_2005,
	title = {A {IMPORTÂNCIA} {DOS} {DEDOS} {PARA} A {MÚSICA} {FEITA} {NAS} {COXAS}},
	url = {http://www.anppom.com.br/anais/category/36-comunicacoes?download=335:fernando-iazzeta},
	pages = {8},
	journaltitle = {{ANPPOM}},
	author = {Iazzetta, Fernando},
	year = {2005}
}

@incollection{rohrhuber_improvising_2009,
	location = {Paris, France},
	title = {Improvising Formalization - Conversational programming and Live Coding},
	url = {http://albertodecampo.net/uploads/ImprovisingFormalisation_NewLangs_IRCAM_jrh_adc.pdf},
	pages = {13},
	booktitle = {New Computational Paradigms for Computer Music,},
	publisher = {Assayag, G. and Gerzso, A., eds., Delatour/{IRCAM}},
	author = {Rohrhuber, Julian and Campo, Alberto de},
	year = {2009}
}

@report{strebel_guide_2006,
	location = {Mountain View, {USA}},
	title = {Guide to the Collection of Digital Equipment Corporation {PDP}-1 Computer Materials},
	url = {http://archive.computerhistory.org/resources/text/FindingAids/102660913.PDP_1.pdf},
	pages = {25},
	school = {Computer History Museum},
	type = {1960 – 1983 (bulk 1960 - 1976)},
	author = {Strebel, Judith A. and Kim, Rebekah},
	year = {2006}
}

@online{smith_dsp_2012,
	title = {{DSP} Guide - The Scientist and Engineer's Guide to Digital Signal Processing},
	url = {http://dspguide.com/},
	author = {Smith, Steven W.},
	year = {2012-06}
}

@article{park_interview_2009,
	title = {An Interview with Max Mathews},
	volume = {33},
	url = {http://www.jstor.org/stable/40301041 .},
	pages = {9--22},
	number = {3},
	journaltitle = {{ComputerMusic} Journal},
	author = {Park, Tae Hong and Mathews, Max},
	year = {2009}
}

@article{chadabe_remarks_2000,
	title = {Remarks on Computer Music Culture},
	volume = {24},
	url = {http://www.jstor.org/stable/3681550 .},
	pages = {9--11},
	number = {4},
	journaltitle = {Computer Music Journa},
	author = {Chadabe, John},
	year = {2000}
}

@article{magnusson_herding_2014,
	title = {Herding Cats: Observing Live Coding in the Wild},
	volume = {38},
	doi = {10.1162/COMJ a 00216},
	series = {Massachusetts Institute of Technology},
	pages = {8--16},
	number = {1},
	journaltitle = {Computer Journal (British Computer Society)},
	author = {Magnusson, Thor},
	year = {2014}
}

@article{chadabe_electric_1997,
	title = {Electric Sound: The Past and Promise of Electronic Music.},
	journaltitle = {Upper Saddle River, New Jersey: Prentice-Hall},
	author = {Chadabe, J.},
	year = {1997}
}

@article{heikkila_discovering_2011,
	title = {Discovering novel computer music techniques by exploring the space of short computer programs},
	url = {http://arxiv.org/abs/1112.1368},
	pages = {8},
	journaltitle = {Cornell University Library},
	author = {Heikkilä, Ville-Matias},
	year = {2011}
}

@article{roberts_web_2013,
	title = {The Web Browser As Synthesizer And Interface},
	abstract = {Our research examines the use and potential of native web
technologies for musical expression. We introduce two Java-
Script libraries towards this end: Gibberish.js, a heavily op-
timized audio {DSP} library, and Interface.js, a {GUI} toolkit
that works with mouse, touch and motion events. Together
these libraries provide a complete system for de⬚ning musi-
cal instruments that can be used in both desktop and mobile
web browsers. Interface.js also enables control of remote
synthesis applications via a server application that trans-
lates the socket protocol used by web interfaces into both
{MIDI} and {OSC} messages.},
	pages = {6},
	author = {Roberts, Charles and Wakefield, Graham and Wright, Matthew},
	year = {2013}
}

@incollection{reich_music_1968,
	location = {Oxford and New York},
	title = {Music as a Gradual Process},
	isbn = {978-0-19-511171-2},
	url = {http://ccnmtl.columbia.edu/draft/ben/feld/mod1/readings/reich.html},
	booktitle = {Writings about Music, 1965–2000},
	publisher = {Oxford University Press},
	author = {Reich, Steve},
	year = {1968}
}

@article{truax_aesthetics_2000,
	title = {The aesthetics of computer music: a questionable concept reconsidered},
	volume = {5},
	pages = {119--126},
	number = {3},
	journaltitle = {Organized Sound},
	author = {Truax, Barry},
	year = {2000}
}

@online{programa_de_curso_da_universidade_da_california_computer_2014,
	title = {Computer Music (So Far)},
	url = {http://artsites.ucsc.edu/EMS/music/equipment/computers/history/history.html},
	author = {Programa de curso da Universidade da Califórnia},
	year = {2014}
}

@online{smith_pdp-1_2006,
	title = {{PDP}-1 Music},
	url = {http://www.dpbsmith.com/pdp1music/},
	author = {Smith, Dan},
	year = {2006}
}

@article{rais_notes_1991,
	title = {Some Notes about Soviet Computer Music},
	volume = {24},
	url = {http://www.jstor.org/stable/1575656 .},
	pages = {535--539},
	number = {5},
	journaltitle = {Leonardo},
	author = {Rais, Mark},
	year = {1991}
}

@letter{fumarola_computer_1997,
	title = {Computer Music - The Next 20  Years},
	url = {http://www.jstor.org/stable/3681101},
	type = {Editor's note in Music Computer Journal, Volume 21, Number 1},
	author = {Fumarola, Martin Alejandro},
	year = {1997}
}

@article{collins_live_2007,
	title = {Live Coding Practice},
	url = {http://www.composerprogrammer.com/research/livecodingpractice.pdf},
	journaltitle = {{NIME}'07},
	author = {Collins, Nick},
	year = {2007}
}

@book{feyerabend_against_1975,
	location = {London},
	edition = {Third edition published by Verso 1993},
	title = {Against Method},
	isbn = {0-86091-481-X},
	pagetotal = {290},
	publisher = {Verso},
	author = {Feyerabend, Paul},
	year = {1975}
}

@incollection{essl_algorithmic_2007,
	location = {Cambridge},
	title = {Algorithmic Composition},
	isbn = {978-0-521-68865-9},
	pages = {107--125},
	booktitle = {The Cambridge Companion to Electronic Music (Nick {COLLINS},  Julio D’{ESCRIVAN}, org.)},
	publisher = {Cambridge University Press},
	author = {Essl, Karlheinz},
	year = {2007}
}

@article{ames_automated_1987,
	title = {Automated Composition in Retrospect: 1956 – 1986},
	volume = {20},
	pages = {169 -- 185},
	number = {2},
	journaltitle = {Leonardo},
	author = {Ames, Charles},
	year = {1987}
}

@online{kreidler_new_2012,
	title = {New Conceptualism in Music},
	url = {https://www.youtube.com/watch?v=T-kEs_RIiiE&feature=player_embedded#t=0},
	abstract = {Lecture by Johannes Kreidler about new conceptualism in music. Darmstadt, 27.7.2012
www.kreidler-net.de},
	titleaddon = {Youtube},
	author = {Kreidler, Johannes},
	year = {2012-07-27}
}

@book{hoppin_medieval_1978,
	title = {Medieval Music},
	volume = {1},
	isbn = {978-0-393-09090-1},
	url = {https://books.google.com.br/books?id=1yBwQgAACAAJ},
	pagetotal = {566},
	publisher = {W. W. Norton},
	author = {Hoppin, Richard H.},
	year = {1978}
}

@article{cascone_aesthetics_2000,
	location = {Cambridge},
	edition = {24},
	title = {Aesthetics of Failure: "Post-Digial" Tendencies in Contemporary Computer Music.},
	journaltitle = {Computer Music Journal},
	author = {Cascone, Kim},
	year = {2000}
}

@misc{collins_origins_2014,
	title = {Origins of live coding},
	url = {http://www.livecodenetwork.org/files/2014/05/originsoflivecoding.pdf},
	publisher = {Durham University},
	author = {Collins, Nick},
	year = {2014}
}

@misc{solomon_case_1976,
	title = {A case study of a young child doing turtle graphics in {LOGO};  Artif icial Intelligence Memo No. 375},
	url = {http://logocomputercultures.wikispaces.com/file/view/casestudy.pdf},
	publisher = {{MASSACHUSETTS} {INSTTTUTE} {OF} {TECHNOLOGY}},
	author = {Solomon, Cynthia J. and Papert, Seymour},
	year = {1976}
}

@article{palombini_brazilian_2000,
	title = {The Brazilian Group for Computer Music Research: A Proto-History},
	volume = {10},
	pages = {13--20},
	journaltitle = {{LEONARDO} {MUSIC} {JOURNAL}},
	author = {Palombini, Carlos},
	year = {2000}
}

@misc{mclean_tidal_2010,
	title = {{TIDAL} – {PATTERN} {LANGUAGE} {FOR} {LIVE} {CODING} {OF} {MUSIC}},
	publisher = {Centre for Cognition, Computation and Culture; Department of Computing Goldsmiths, University of London},
	author = {{McLean}, Alex and Wiggins, Geraint},
	year = {2010}
}

@misc{ward_live_2004,
	title = {Live algorithm programming and temporary organization for its promotion},
	url = {http://art.runme.org/1107861145-2780-0/livecoding.pdf},
	publisher = {{TOPLAP}.{ORG}},
	author = {Ward, Adrian and Rohrhuber, Julian and Olofson, Fredrik and Mclean, Alex and Griffiths, Dave and Collins, Nick and Alexander, Amy},
	year = {2004}
}

@article{randall_report_1965,
	edition = {3},
	title = {A Report from Princeton},
	url = {http://www.jstor.org/stable/832506},
	pages = {84--92},
	journaltitle = {Perspectives of new music},
	author = {Randall, J.K.},
	year = {1965}
}

@thesis{di_nunzio_genesi_2010,
	location = {Bologna},
	title = {Genesi, sviluppo e difusione del software "{MUSIC} N" nella storia della composizione informatica},
	school = {Facoltà di Lettere e Filosofia - Università degli Studi di Bologna},
	type = {phdthesis},
	author = {Di Nunzio, Alex},
	year = {2010}
}

@online{di_nunzio_musica_2014,
	title = {Musica informatica},
	url = {http://www.musicainformatica.org/},
	titleaddon = {musicainformatica.org},
	author = {Di Nunzio, Alex},
	year = {2014}
}

@article{mccarthy_recursive_1960,
	location = {Cambridge},
	edition = {Computer Science Department},
	title = {Recursive Functions of Symbolic Expressions and Their Computation by Machine, Part I},
	url = {http://www-formal.stanford.edu/jmc/recursive.pdf},
	pages = {34},
	journaltitle = {Massachusetts Institute of Technology},
	author = {{McCarthy}, John},
	year = {1960}
}

@article{manning_computers_1980,
	edition = {107},
	title = {Computers and Music Composition},
	url = {http://www.jstor.org/stable/766120 .},
	pages = {119--131},
	journaltitle = {Proceedings of the Royal Musical Association,},
	author = {Manning, Peter},
	year = {1980}
}

@incollection{malt_concepts_2006,
	location = {Paris {IV}, Sorbonne, Paris},
	title = {Concepts et Modèles, de l’imaginaire à l’écriture dans la Composition Assistée par Ordinateur},
	volume = {2},
	series = {Musique et nouvelles technologies},
	abstract = {Séminaire postdoctoral « Musique, instruments machines », Sorbonne, Paris {IV}, le 15/12/03, sous la
coordination de Marc Battier},
	pages = {213--234},
	booktitle = {Musique, instruments, machines. Autour des musiques électroacoustiques},
	publisher = {Bruno Bossis, Anne Veitl et Marc Battier},
	author = {Malt, Mikhail},
	year = {2006}
}

@online{eno_music_1978,
	title = {Music for Airports liner notes},
	url = {http://music.hyperreal.org/artists/brian_eno/MFA-txt.html},
	abstract = {liner notes from the initial American release of Brian Eno's "Music for Airports / Ambient 1", {PVC} 7908 ({AMB} 001)},
	titleaddon = {The hyperreal music archive},
	type = {Base de dados},
	author = {Eno, Brian},
	year = {1978}
}

@article{dorin_generative_2001,
	title = {Generative processes and the electronic arts},
	volume = {6},
	url = {http://journals.cambridge.org/abstract_S1355771801001078},
	doi = {10.1017/S1355771801001078},
	pages = {47--53},
	number = {1},
	journaltitle = {Organised Sound},
	author = {Dorin, Alan},
	year = {2001}
}

@article{sa_musica_2006,
	title = {A música na era de suas tecnologias de reprodução},
	volume = {12},
	url = {http://www.compos.org.br/seer/index.php/e-compos/article/viewFile/92/92},
	pages = {19},
	number = {19},
	journaltitle = {Revista da Associação Nacional dos Programas de Pós-Graduação em Comunicação},
	author = {Sá, Simone Pereira de},
	year = {2006}
}

@incollection{roads_times_2001,
	location = {Cambridge, Massachusetts; London England.},
	edition = {First {MIT} paperback edition 2004},
	title = {Times Scales of Music},
	isbn = {978-0-262-18215-7},
	pages = {1--41},
	booktitle = {Microsound},
	publisher = {{MIT} press},
	author = {Roads, Curtis},
	year = {2001}
}

@thesis{rowe_machine_1991,
	location = {Cambridge},
	title = {Machine Listening and Composing: Making Sense of Music with Cooperating Real-Time Agents},
	url = {http://r.duckduckgo.com/l/?kh=-1&uddg=http%3A%2F%2Fdspace.mit.edu%2Fbitstream%2Fhandle%2F1721.1%2F29083%2F32147968.pdf},
	pagetotal = {216},
	school = {{MIT}},
	type = {Media Arts and Sciences},
	author = {Rowe, Robert James},
	year = {1991}
}

@book{mathews_technology_1969,
	location = {Cambridge, Massachussetts and London, England},
	edition = {2a, 1974},
	title = {The technology of computer music},
	isbn = {0 26213050 5},
	pagetotal = {196},
	publisher = {{MIT} press},
	author = {Mathews, Max V. and Miller, Joan E and Moore, F.R. and Pierce, J.R. and Risset, J.C.},
	year = {1969}
}

@book{polanyi_tacit_1966,
	location = {Garden City, New York},
	edition = {1},
	title = {The tacit dimension},
	url = {http://monoskop.org/images/1/11/Polanyi_Michael_The_Tacit_Dimension.pdf},
	pagetotal = {104},
	publisher = {Doubleday \& Company, Inc.},
	author = {Polanyi, Michael},
	year = {1966}
}

@article{vieira_vivace:_2015,
	title = {Vivace: A Collaborative Live Coding Language},
	volume = {{arXiv}},
	url = {http://arxiv.org/abs/1502.01312},
	pages = {16},
	number = {1502},
	journaltitle = {Cornell University Library},
	author = {Vieira, Vilson and Lunhani, Guilherme and Junior,, Geraldo Magela de Castro Rocha and Luporini, Caleb Mascarenhas and Penalva, Daniel and Fabbri, Ricardo and Fabbri, Renato},
	year = {2015}
}

@inproceedings{malt_khorwa:_2004,
	location = {Ircam},
	title = {Khorwa: a musical experience with autonomous agents},
	url = {http://www.researchgate.net/publication/263298064__Khorwa_a_musical_experience_with_autonomous_agents_},
	eventtitle = {{ICMC}},
	booktitle = {Proceedings {ICMC}},
	author = {Malt, Mikhail},
	year = {2004}
}

@incollection{cox_coding_2004,
	location = {Aarhaus},
	title = {Coding praxis: reconsidering aesthetics of code},
	url = {http://art.runme.org/1107862958-4046-0/cox.pdf},
	series = {Digital Aesthetics Research Centre, 2004},
	pages = {161--174},
	booktitle = {Read\_me: Software Art \& Cultures},
	publisher = {Olga Goriunova and Alexei Shulgin},
	author = {Cox, Geoff and {McLean}, Alex and Ward, Adrian},
	year = {2004}
}

@online{cox_aesthetics_2000,
	title = {The Aesthetics of Generative Code},
	url = {http://generative.net/papers/aesthetics/},
	titleaddon = {Generative.net},
	type = {collaborative collection of artworks, research and experiments by artists and academics},
	author = {Cox, Geoff and {McLean}, Alex and Ward, Adrian},
	year = {2000}
}

@article{santos_filosofia_2008,
	title = {A filosofia à venda, a douta ignorância e a aposta de Pascal},
	url = {http://www.ces.uc.pt/myces/UserFiles/livros/47_Douta%20Ignorancia.pdf},
	pages = {11--43},
	number = {80},
	journaltitle = {Revista Crítica de Ciências Sociais},
	author = {Santos, Boaventura de Souza},
	year = {2008}
}

@article{santos_abissal_2007,
	title = {Para além do Pensamento Abissal: Das linhas globais a uma ecologia de saberes},
	url = {http://www.ces.uc.pt/myces/UserFiles/livros/147_Para%20alem%20do%20pensamento%20abissal_RCCS78.pdf},
	pages = {3--46},
	number = {78},
	journaltitle = {Revista Crítica de Ciências Sociais},
	author = {Santos, Boaventura de Souza},
	year = {2007}
}

@online{mclean_hacking_2004,
	title = {Hacking Perl in Nightclubs},
	url = {http://www.perl.com/pub/2004/08/31/livecode.html},
	titleaddon = {Perl.com: news and views of the Perl programming language},
	author = {{McLean}, Alex},
	year = {2004}
}

@inproceedings{ruthmann_teaching_2010,
	location = {Milwaukee},
	title = {Teaching Computational Thinking through Musical Live Coding in Scratch},
	url = {https://teaching.cs.uml.edu/~heines/academic/papers/2010sigcse/SoundThinking-SIGCSE-2010.pdf},
	eventtitle = {41st {ACM} {SIGCSE} Technical Symposium on {CS} Education},
	pages = {6},
	booktitle = {{SIGCSE}’10},
	author = {Ruthmann, Alex and Heines, Jesse M. and Greher, Gena R. and Laidler, Paul and Saulters {II}, Charles},
	year = {2010}
}

@article{collins_generative_2003,
	title = {Generative Music and Laptop Performance},
	volume = {22},
	url = {https://wiki.brown.edu/confluence/download/attachments/74258672/Collins,+Generative+Music.pdf},
	pages = {67--79},
	number = {4},
	journaltitle = {Contemporary Music Review},
	author = {Collins, Nick},
	year = {2003}
}

@movie{mccallum_show_2011,
	title = {Show Us Your Screens},
	url = {https://vimeo.com/20241649},
	publisher = {Vimeo},
	author = {{McCallum}, Louis and Smith, Davy},
	year = {2011}
}

@unpublished{griffiths_fluxus:_2008,
	title = {Fluxus: Scheme Livecoding},
	url = {http://www.pawfal.org/dave/files/scheme-uk/scheme-uk-fluxus.pdf},
	author = {Griffiths, Dave},
	year = {2008}
}

@misc{mclean_patterns_2009,
	title = {Patterns of movment in live languages},
	url = {https://www.academia.edu/7249277/Patterns_of_movement_in_live_languages},
	author = {{McLean}, Alex and Wiggins, Geraint},
	year = {2009}
}

@article{blackwell_programming_2005,
	title = {The Programming Language as a Musical Instrument},
	url = {http://www.researchgate.net/publication/250419052_The_Programming_Language_as_a_Musical_Instrument},
	pages = {120--130},
	issue = {P. Romero, J. Good, E. Acosta Chaparro \& S. Bryant, Sussex University},
	journaltitle = {17th Workshop of the Psychology of Programming Interest Group},
	shortjournal = {{PPIG}},
	author = {Blackwell, Alan and Collins, Nick},
	year = {2005}
}

@inproceedings{place_jamoma_2010,
	location = {Graz, Austria},
	title = {The jamoma audio grapher},
	url = {http://www.jamoma.org/publications/attachments/jamoma-audiograph-DAFx.pdf},
	eventtitle = {{DAFX}-10},
	pages = {8},
	booktitle = {Proc. of the 13th Int. Conference on Digital Audio Effects ({DAFx}-10)},
	author = {Place, Timothy and Lossius, Trond and Peters, Nils},
	year = {2010}
}

@online{brown_indigenous_2013,
	title = {{INDIGENOUS} {TO} {THE} {NET}: Early Network Music Bands in the San Francisco Bay Area},
	url = {http://crossfade.walkerart.org/brownbischoff/IndigenoustotheNetPrint.html},
	titleaddon = {Crossfade},
	author = {Brown, Chris and Bischof, John},
	year = {2013}
}

@article{sorensen_livecodings_2014,
	title = {Livecoding's many meanings},
	volume = {38},
	url = {http://muse.jhu.edu/journals/computer_music_journal/v038/38.1.sorensen.pdf},
	pages = {65--76},
	number = {1},
	journaltitle = {Computer Music Journal},
	author = {Sorensen, Andrew and Swift, Ben and Riddel, Alistair},
	year = {2014}
}

@online{ward_listen_2003,
	title = {Listen to the Tools: Adrian Ward and Alex {McLean} Interviewed by Alexei Shulgin},
	url = {http://www.m-cult.org/read_me/text/alex_ade.htm},
	titleaddon = {M-cult},
	author = {Ward, Adrian and {McLean}, Alex and Shulgin, Alexei},
	year = {2003}
}

@inproceedings{collins_algorave:_2014,
	location = {Goldsmiths, University of London, {UK}},
	title = {Algorave: Live Performance of Algorithmic Electronic Dance Music},
	eventtitle = {{NIME}’14},
	pages = {355--358},
	booktitle = {Proceedings of the International Conference on New Interfaces for Musical Expression},
	author = {Collins, Nick and {McLean}, Alex},
	year = {2014}
}

@movie{mclean_hacking_2006,
	title = {hacking perl music},
	url = {https://www.youtube.com/watch?v=fbefIdbSmD4},
	publisher = {Youtube},
	author = {{McLean}, Alex},
	year = {2006-07-30}
}

@movie{kitchen_budapest_dancecoding_2011,
	title = {Dancecoding experiments 2011},
	url = {https://vimeo.com/30133155},
	publisher = {Vimeo},
	author = {Kitchen Budapest},
	year = {2011}
}

@article{collins_live_2003-1,
	title = {Live Coding Techniques for Laptop Performance},
	volume = {8},
	pages = {321--330},
	number = {3},
	journaltitle = {Organised Sound},
	author = {Collins, Nick and {McLean}, Alex and Rohrhuber, Julian and Ward, Adrian},
	year = {2003}
}

@article{mclean_music_2006,
	title = {Music improvisation and creative systems},
	volume = {online},
	url = {https://www.academia.edu/467101/Music_improvisation_and_creative_systems},
	pages = {6},
	journaltitle = {Academia.edu},
	author = {{McLean}, Alex},
	year = {2006}
}

@book{boden_creative_1990,
	location = {New York},
	edition = {2},
	title = {The Creative Mind: myths and mechanisms},
	isbn = {0-203-34008-6},
	url = {http://www.pauladaunt.com/books},
	pagetotal = {359},
	publisher = {Routledge, Taylor \& Francis Group},
	author = {Boden, Margaret},
	year = {1990}
}

@misc{magnusson_ixilang_2012,
	title = {{iXiLang} - a live coding language interpreter - version 4},
	url = {https://www.github.com/thormagnusson/ixilang},
	publisher = {Github},
	author = {Magnusson, Thor},
	year = {2012}
}

@article{casteloes_conversores_2015,
	title = {Conversores de parámetros del color a parámetros sonoros cuantificables usando los sistemas {RGB}, {HSV} y {CMYK}},
	volume = {7},
	url = {https://www.academia.edu/12472704/_Conversores_de_par%C3%A1metros_del_color_a_par%C3%A1metros_sonoros_cuantificables_usando_los_sistemas_RGB_HSV_y_CMYK_2015_2013_},
	number = {14},
	journaltitle = {Sonic Ideas},
	author = {Castelões, Luiz Eduardo and Oliveira, Talita de and Franco, Yago},
	year = {2015}
}

@incollection{cope_prefacio_2008,
	location = {Paris},
	title = {Prefacio a {OM} Composer's Book Vol. 2},
	volume = {2},
	pages = {ix--xv},
	booktitle = {{OM} Composer's Book},
	publisher = {Editions Delatour},
	author = {Cope, Edward D.},
	year = {2008}
}

@incollection{walker_auditory_2006,
	location = {New York},
	edition = {2},
	title = {Auditory Displays Article xx: Sonification},
	pages = {1254--1256},
	booktitle = {International Encyclopedia of Ergonomics and Human Factors},
	publisher = {W. Karwowski; {CRC} Press},
	author = {Walker, Bruce N. and Kramer, Gregory},
	year = {2006}
}

@online{kramer_sonification_1999,
	title = {Sonification Report: Status of the Field and Research Agenda},
	url = {http://www.icad.org/websiteV2.0/References/nsf.html},
	titleaddon = {International Community for Auditory Display},
	author = {Kramer, Gregory and Walker, Bruce N. and Bonebright, Terri and Cook, Perry R. and Flowers, John and Miner, Nadine and Neuhoff, John and Bargar, Ronny and Barras, Stephen and Berger, Jonathan and Evreinov, Grigori and Fitch, W. Tecumseh and Gröhn, Matti and Handel, Steve and Kaper, Hans and Levkowitz, Haim and Lodha, Suresh and Shinn-Cunningham, Barbara and Simoni, Marry and Tipei, Server},
	year = {1999}
}

@online{eno_generative_1996,
	title = {Generative Music:  "Evolving metaphors, in my opinion, is what artists do. A talk delivered in San Francisco.},
	url = {http://www.inmotionmagazine.com/eno1.html},
	titleaddon = {inmotionmagazine},
	author = {Eno, Brian},
	year = {1996}
}

@incollection{mailman_agency_2013,
	title = {Agency, Determinism, Focal Time Frames, and Processive Minimalist Music},
	url = {https://www.academia.edu/749803/Agency_Determinism_Focal_Time_Frames_and_Narrative_in_Processive_Minimalist_Music},
	pages = {125--144},
	booktitle = {Music and Narrative Since 1900},
	author = {Mailman, Joshua Banks},
	year = {2013}
}

@incollection{leroux_model_2008,
	location = {Paris},
	title = {The Model of the Model in {VOI}({REX})},
	volume = {2},
	pages = {149--164},
	booktitle = {The {OM} Composer's Book},
	publisher = {Delatour},
	author = {Leroux, Philippe},
	year = {2008}
}

@incollection{raymond_minilanguages_2003,
	title = {Minilanguages, finding a Notation That Sings},
	url = {http://www.faqs.org/docs/artu/minilanguageschapter.html},
	series = {http://www.faqs.org/faqs/},
	booktitle = {The Art of Unix Programming},
	publisher = {Eric Steven Raymond},
	author = {Raymond, Eric Steven},
	year = {2003}
}

@book{latour_jamais_2011,
	location = {São Paulo},
	edition = {2a (1a reimpressão)},
	title = {Jamais fomos modernos: Ensaio de antropologia simétrica},
	isbn = {978-85-85490-38-6},
	series = {tras},
	pagetotal = {152},
	publisher = {Editora 34 Ltda},
	author = {Latour, Bruno},
	year = {2011}
}

@proceedings{ICLC2015,
    title = {Proceedings of the First International Conference on Live Coding},
    editor = {McLean, Alex and Magnusson, Thor and Ng, Kia and Knotts, Shelly and Armitage, Joanne},
    isbn = {9780853163404},
    publisher = {ICSRiM, University of Leeds},
    pages = {300},
    year = {2015}
}

@inproceedings{mori_analysing_2015,
	location = {University of Leeds, {UK}},
	title = {Analysing live coding with etnographical approach},
	isbn = {978 0 85316 340 4},
	eventtitle = {International Conference of Live Coding},
	pages = {117--124},
	booktitle = {{ICLC}2015 Proceedings},
	author = {Mori, Giovanni},
	year = {2015}
}

@inproceedings{mori_pietro_2015,
	location = {University of Leeds, {UK}},
	title = {Pietro Grossi’s Live Coding. An Early case of Computer Music performance.},
	isbn = {978 0 85316 340 4},
	eventtitle = {International Conference of Live Coding},
	pages = {125--132},
	booktitle = {{ICLC}2015 Proceedings},
	author = {Mori, Giovanni},
	year = {2015}
}

@article{grant_experimental_2003,
	title = {Experimental Music Semiotics},
	volume = {34},
	url = {http://www.jstor.org/stable/30032129},
	pages = {173--191},
	number = {2},
	journaltitle = {nternational Review of the Aesthetics and Sociology of Music},
	author = {Grant, Morag Josephine},
	year = {2003}
}

@article{sa_se_2009,
	title = {Se você gosta de Madonna também vai gostar de Britney! Ou não? Gêneros, gostos e disputa simbólica nos Sistemas de Recomendação Musical},
	volume = {12},
	shorttitle = {e-compós},
	pages = {1808--2599},
	number = {2},
	journaltitle = {Revista da Associação Nacional dos Programas de Pós-Graduação em Comunicação},
	author = {Sá, Simone Pereira de},
	year = {2009}
}

@article{janotti_jr._a_2003,
	title = {À procura da batida perfeita: a importância do gênero musical para a análise da música popular massiva.},
	volume = {6},
	pages = {31--46},
	number = {2},
	journaltitle = {Eco-Pós},
	author = {Janotti Jr., Jeder Silveira},
	year = {2003}
}

@article{mclean_making_2014,
	location = {Gothenburg, Sweden.},
	title = {Making Programming Languages to Dance to: Live Coding with Tidal},
	url = {https://www.academia.edu/12765888/Making_programming_languages_to_dance_to_Live_coding_with_Tidal},
	pages = {63--70},
	journaltitle = {Functional Art, Music, Modeling and Design ({FARM}) 2014},
	author = {{McLean}, Alex},
	year = {2014}
}